@article{turing,
    author = {Turing, Alan M.},
    title = {On Computable Numbers, with an Application to the Entscheidungsproblem},
    year = {1937},
}

@article{post_degrees,
  author = {Emil L. Post},
  title = {Recursively enumerable sets of positive integers and their decision problems},
  year = {1944}
}

@article{kleene_post,
  author = {Stephen C. Kleene and Emil L. Post},
  title = {The upper semi-lattice of degrees of recursive unsolvability},
  year = {1954}
}

@article{friedberg,
  author = {Richard M. Friedberg},
  title = {Two recursively enumerable sets of incomparable degrees of unsolvability (solution of Post's problem, 1944)},
  year = {1957}
}

@article{muchnik,
  author = {Albert A. Muchnik},
  title = {On the unsolvability of the problem of reducibility in the theory of algorithms},
  year = {1956}
}

@book{soare_1,
  author = {Robert I. Soare},
  publisher = {Springer},
  title = {Recursively Enumerable Sets and Degrees},
  year = {1987}
}

@book{soare_2,
  author = {Robert I. Soare},
  publisher = {Springer},
  title = {Turing Computability: Theory and Applications},
  year = {2016}
}

@article{sacks,
 author = {Gerald E. Sacks},
 title = {The Recursively Enumerable Degrees are Dense},
 year = {1964}
}

@article{simpson,
 author = {Stephen G. Simpson},
 title = {First-Order Theory of the Degrees of Recursive Unsolvability},
 year = {1977}
}