@article{main_article,
    author = {Bodlaender, Hans L. and Kloks, Ton and Tan, Richard B. and van Leeuwen, Jan},
    title = {Approximations for Lambda-Colorings of Graphs},
    journal = {The Computer Journal},
    year = {2004},
    doi = {10.1093/comjnl/47.2.193},
}


