
@article{shortest_network,
title = {The shortest-network problem},
author = {Bern, M W and Graham, R L},
doi = {10.1038/scientificamerican0189-84},
journal = {Scientific American; (USA)},
year = {1989},
}

@article{np_complete,
 URL = {http://www.jstor.org/stable/2100192},
 author = {M. R. Garey and D. S. Johnson},
 journal = {SIAM Journal on Applied Mathematics},
 title = {The Rectilinear Steiner Tree Problem is NP-Complete},
 year = {1977}
}